@techreport{dod2011run,
	title={Run-Off-Road Crashes: an On-Scene Perspective},
	author={Liu, Cejun and Ye, Tony Jianqiang},
	year={2011},
	month={07},
	institution={National Highway Traffic Safety Administration},
	url={https://web.archive.org/web/20220205200702/https://crashstats.nhtsa.dot.gov/Api/Public/ViewPublication/811500}
}

@inproceedings{edwards2013pilot,
	title={A Pilot Study on Mitigating Run-Off-Road Crashes},
	author={Christopher Edwards and Nichole L Morris and Michael P. Manser},
	year={2013},
	publisher={Intelligent Transportation Systems Institute Center for Transportation Studies},
	url={https://web.archive.org/web/20220130071247/https://www.infrastructureusa.org/wp-content/uploads/2013/08/Mitigating-ROR-Crashes.pdf}
}

@techreport{liu2009factors,
	title={Factors Related to Fatal Single-Vehicle Run-Off-Road Crashes},
	author={Liu, Changqin and Subramanian, Rajesh},
	year={2009},
	month={11},
	institution={National Highway Traffic Safety Administration},
	url={https://web.archive.org/web/20220215123540/https://crashstats.nhtsa.dot.gov/Api/Public/ViewPublication/811232}
}

@misc{yu2020bdd100k,
	title={BDD100K: A Diverse Driving Dataset for Heterogeneous Multitask Learning},
	author={Fisher Yu and Haofeng Chen and Xin Wang and Wenqi Xian and Yingying Chen and Fangchen Liu and Vashisht Madhavan and Trevor Darrell},
	year={2020},
	eprint={1805.04687},
	archivePrefix={arXiv},
	primaryClass={cs.CV},
	url={https://arxiv.org/pdf/1805.04687.pdf}
}

@article{an2013real,
	title={Real-time Lane Departure Warning System based on a single FPGA},
	author={An, Xiangjing and Shang, Erke and Song, Jinze and Li, Jian and He, Hangen},
	journal={EURASIP Journal on Image and Video Processing},
	volume={2013},
	number={1},
	pages={1--18},
	year={2013},
	publisher={Springer}
}

@article{el2020novel,
	title={A Novel FPGA Implementation of Hough Transform for Straight Lane Detection},
	author={El Hajjouji, Isma{\"\i}l and Mars, Salah and Asrih, Zakariae and El Mourabit, Aimad},
	journal={Engineering Science and Technology, an International Journal},
	volume={23},
	number={2},
	pages={274--280},
	year={2020},
	publisher={Elsevier}
}

@article{malmir2019design,
	title={Design and FPGA implementation of Dual-Stage Lane Detection, based on Hough Transform and Localized Stripe Features},
	author={Malmir, Sahar and Shalchian, Majid},
	journal={Microprocessors and Microsystems},
	volume={64},
	pages={12--22},
	year={2019},
	publisher={Elsevier}
}

@inproceedings{krine2021road,
	title = {{Road Marking Characterization for ADAS Machine Vision Reliability}},
	author = {El Krine, Abdessamad and Girard, Joffrey and Redondin, Maxime and Heinkele, Christophe and Stresser, Aude and Muzet, Val{\'e}rie},
%	url = {https://hal.archives-ouvertes.fr/hal-03405167},
	booktitle = {{ESREL 2021 31st European Safety and Reliability Conference}},
	address = {Nantes, France},
	year = {2021},
	month = {09},
	doi = {10.3850/978-981-18-2016-8\_193-cd},
%	keywords = {Road marking ; ADAS vision reliability ; Photometry ; Detection level ; Retroreflection ; Road marking},
	url = {https://hal.archives-ouvertes.fr/hal-03405167/file/ElKrine_Esrel2021_193.pdf},
}

@article{tumasov2021research,
	doi = {10.1088/1742-6596/2061/1/012130},
	year = {2021},
	month = {10},
	publisher = {{IOP} Publishing},
	volume = {2061},
	number = {1},
%	pages = {012130},
	author = {A V Tumasov and D Yu Tyugin and D M Porubov and V I Filatov and A A Gladyshev},
	title = {Research of Algorithms for Road Marking Recognition in the Lane Departure Warning System},
	journal = {Journal of Physics: Conference Series},
%	abstract = {The way to improve the safety of vehicles using ADAS systems has successfully proved itself in practice. The use of ADAS systems in vehicles is mandatory in many countries of the world and is accepted at the state level. One of the most widely used ADAS systems is the Lane Departure Warning System (LDWS). The paper describes the principles of operation of existing LDWS in the segment of light commercial vehicles (LCV). The algorithm and structure of the developed LDWS for the GAZelle Next vehicle are presented. The description and analysis of algorithms for recognition of road markings are given. The results and comparative analysis of virtual and road tests of the LDWS are presented. Conclusions are given on the operation of the system and the algorithm for recognizing road markings.}
}

@article{gupta2016automated,
	title={Automated Lane Detection by K-Means Clustering: A Machine Learning Approach},
	author={Gupta, Arpit and Merchant, Prof SN and others},
	journal={Electronic Imaging},
	volume={2016},
	number={14},
	pages={1--6},
	year={2016},
	doi={10.2352/ISSN.2470-1173.2016.14.IPMVA-386},
	publisher={Society for Imaging Science and Technology}
}

@inproceedings{felix2003low,
	author={Moreno, F. and Izquierdo, Francisco and Perdomo, Wilmar and PÃ¡ez, Francisco},
	year={2003},
	month={12},
	pages={1396 - 1401 Vol.2},
	title={A Low-cost Real-Time FPGA solution for driver drowsiness detection},
	volume={2},
	isbn={0-7803-7906-3},
	journal={Comptes Rendus Mathematique - C R MATH},
	doi={10.1109/IECON.2003.1280262},
	url={https://www.researchgate.net/publication/4065316_A_Low-cost_Real-Time_FPGA_solution_for_driver_drowsiness_detection}
}

@article{itu2017recommendation,
	title={Studio encoding parameters of digital television for standard 4:3 and wide-screen 16:9 aspect ratios},
	journal={BT Series},
	author={{International Telecommunication Union, Radiocommunication Sector}},
	year={2017},
	url={https://www.itu.int/dms_pubrec/itu-r/rec/bt/R-REC-BT.601-7-201103-I!!PDF-E.pdf}
}

@book{johnson2006stephen,
	title={Stephen Johnson on Digital Photography},
	author={Johnson, Stephen},
	isbn={9780596523701},
	lccn={2006285757},
	series={O'Reilly Series},
	url={https://books.google.nl/books?id=0UVRXzF91gcC},
	year={2006},
	publisher={O'Reilly Media, Incorporated}
}

@misc{tanksale2019finding,
	title={Finding Lane Lines - A Simple Pipeline For Lane Detection},
	author={Tanksale, Nachiket},
	journal={Towards Data Science},
	year={2019},
	month={03},
	url={https://web.archive.org/web/20220216110302/https://towardsdatascience.com/finding-lane-lines-simple-pipeline-for-lane-detection-d02b62e7572b?gi=208f9f41f92b},
	urldate={2022-02-16}
}

@electronic{fisher2003hypermedia,
	title={Hypermedia Image Processing Reference},
	author={Fisher, Robert and Perkins, Simon and Walker, Ashley and Wolfart, Erik},
	year={2003},
	address={https://homepages.inf.ed.ac.uk/rbf/HIPR2/glossary.htm}
}

@inproceedings{fan2016faster,
	title={Faster-than-real-time linear lane detection implementation using soc dsp tms320c6678},
	author={Fan, Rui and Prokhorov, Victor and Dahnoun, Naim},
	booktitle={2016 IEEE International Conference on Imaging Systems and Techniques (IST)},
	pages={306--311},
	year={2016},
	organization={IEEE}
}

@inproceedings{waltz1998efficient,
	author = {Frederick M. Waltz and John W. V. Miller},
	title = {{Efficient algorithm for Gaussian blur using finite-state machines}},
	volume = {3521},
	booktitle = {Machine Vision Systems for Inspection and Metrology VII},
	editor = {Bruce G. Batchelor and John W. V. Miller and Susan Snell Solomon},
	organization = {International Society for Optics and Photonics},
	publisher = {SPIE},
	pages = {334 -- 341},
	year = {1998},
	doi = {10.1117/12.326976},
	URL = {https://doi.org/10.1117/12.326976}
}

@misc{stroem2016parallel,
	title={A Parallel FPGA Implementation of Image Convolution},
	publisher={Link{\"o}ping University},
	author={Str{\"o}m, Henrik},
	year={2016},
	url={https://web.archive.org/web/20220216122232/https://www.diva-portal.org/smash/get/diva2:930724/FULLTEXT01.pdf}
}

@article{haddad1991class,
	title={A class of fast Gaussian binomial filters for speech and image processing},
	author={Haddad, Richard A and Akansu, Ali N and others},
	journal={IEEE Transactions on Signal Processing},
	volume={39},
	number={3},
	pages={723--727},
	year={1991},
	url={https://web.archive.org/web/20220216123220/https://web.njit.edu/~akansu/PAPERS/Haddad-AkansuFastGaussianBinomialFiltersIEEE-TSP-March1991.pdf}
}

@misc{martin2019implementing,
	title={Implementing k-means clusting from scratch in C++},
	author={Robert Andrew Martin},
	year={2019},
	month={10},
	url={https://web.archive.org/web/20220217085318/https://reasonabledeviations.com/2019/10/02/k-means-in-cpp/},
	journal={Reasonable Deviations: a Rational Approach to Complexity}
}

@article{ebrahimpour2012vanishing,
	title={Vanishing point detection in corridors: using Hough transform and K-means clustering},
	author={Ebrahimpour, R and Rasoolinezhad, R and Hajiabolhasani, Z and Ebrahimi, M},
	journal={IET computer vision},
	volume={6},
	number={1},
	pages={40--51},
	year={2012},
	publisher={IET},
	url={https://web.archive.org/web/20220222112446/https://www.researchgate.net/profile/Zeinab-Hajiabolhasani/publication/260584378_Vanishing_point_detection_in_corridors_Using_Hough_transform_and_K-means_clustering/links/53e423e70cf2fb748710b0b9/Vanishing-point-detection-in-corridors-Using-Hough-transform-and-K-means-clustering.pdf},
	urldate={2022-02-22}
}

@article{shapiro2006accuracy,
	title = {Accuracy of the straight line Hough Transform: The non-voting approach},
	journal = {Computer Vision and Image Understanding},
	volume = {103},
	number = {1},
	pages = {1-21},
	year = {2006},
	issn = {1077-3142},
	doi = {https://doi.org/10.1016/j.cviu.2006.02.001},
	url = {https://www.sciencedirect.com/science/article/pii/S1077314206000087},
	author = {Vladimir Shapiro}
}

@unpublished{caltech2009line,
	author={Frank Masci},
	month={03},
	year={2009},
	title={Line Detection by Hough transformation},
	url={https://web.archive.org/web/20220218161528/https://web.ipac.caltech.edu/staff/fmasci/home/astro_refs/HoughTrans_lines_09.pdf}
}

@misc{solberg2009hough,
	author={Anne Solberg},
	title={Hough transform},
	year={2009},
	month={10},
	url={https://web.archive.org/web/20220218162211/https://www.uio.no/studier/emner/matnat/ifi/INF4300/h09/undervisningsmateriale/hough09.pdf},
	note={INF 4300}
}

@misc{teli2019canny,
	author={Mohammed Nayeem Teli},
	title={Canny Edge Detection},
	year={2019},
	url={https://web.archive.org/web/20220303155351/https://www.cs.umd.edu/class/fall2019/cmsc426-0201/files/11_CannyEdgeDetection.pdf}
}

@misc{hossack2006edge,
	author={Will Hossack},
	title={Topic 9: Edge and Line Detection},
	year={2006},
	month={11},
	url={https://web.archive.org/web/20200927033803/https://www2.ph.ed.ac.uk/~wjh/teaching/dia/documents/edge-ohp.pdf}
}

@misc{kahl2000hough,
	author={Fredrik Kahl},
	title={The Hough Transform},
	year={2000},
	url={https://web.archive.org/web/20220218163619/http://webfiles.portal.chalmers.se/s2/undergraduate/SSY095/PDFdocuments/ForScreen/Notes/HoughTransform.pdf}
}

@inproceedings{shang2011lane,
	author={Shang, Erke and Li, Jian and An, Xiangjing and He, Hangen},
	booktitle={2011 Sixth International Conference on Image and Graphics},
	title={Lane Detection Using Steerable Filters and FPGA-based Implementation},
	year={2011},
	volume={},
	number={},
	pages={908-913},
	doi={10.1109/ICIG.2011.127}
}

@inproceedings{sarab2020canny,
	author={Sura abed Sarab},
	title={Canny Edge Detection},
	year={2020},
	month={07},
	doi={10.13140/RG.2.2.13344.40962},
	url={https://www.researchgate.net/publication/343304724_Edge_Detection}
}

@inproceedings{looges1993hough,
	author = {Peter J. Looges},
	title = {{Hough transform on linear arrays with reconfigurable global bus system}},
	volume = {1832},
	booktitle = {Vision Geometry},
	editor = {Robert A. Melter and Angela Y. Wu},
	organization = {International Society for Optics and Photonics},
	publisher = {SPIE},
	pages = {194 -- 202},
	year = {1993},
	doi = {10.1117/12.142169},
	URL = {https://doi.org/10.1117/12.142169}
}

@inproceedings{kong2016vanishing,
	TITLE = {{Vanishing point detection for road detection}},
	AUTHOR = {Kong, Hui and Audibert, Jean-Yves and Ponce, Jean},
	URL = {https://hal-enpc.archives-ouvertes.fr/hal-00834892},
	BOOKTITLE = {{CVPR 2009 - IEEE Conference on Computer Vision and Pattern Recognition}},
	ADDRESS = {United States},
	PUBLISHER = {{IEEE}},
	PAGES = {96-103},
	YEAR = {2009},
	MONTH = {06},
	DOI = {10.1109/CVPR.2009.5206787},
	PDF = {https://hal-enpc.archives-ouvertes.fr/hal-00834892/file/CVPR09c.pdf},
}

@misc{dawkins2018polar,
	title={Polar Coordinates},
	author={Paul Dawkins},
	year={2018},
	month={8},
	url={https://web.archive.org/web/20220218201855/https://tutorial.math.lamar.edu/classes/calcii/polarcoordinates.aspx}
}

@inproceedings{gedraite2011investigation,
	author = {Gedraite, Estevao and Hadad, M.},
	year = {2011},
	month = {01},
	pages = {393-396},
	title = {Investigation on the effect of a Gaussian Blur in image filtering and segmentation},
	isbn = {978-1-61284-949-2}
}

@article{ferreira2010imagej,
	title={The ImageJ User GuideâVersion 1.43},
	author={Ferreira, TAWR and Rasband, Wayne},
	journal={Image Processing And Analysis In JAVA},
	year={2010},
	url={https://imagej.nih.gov/ij/docs/guide/user-guide.pdf}
}

@misc{spring2001image,
	title={Image Averaging and Noise Removal},
	author={Kenneth R. Spring and John C. Russ and Matthew Parry-Hill and Thomas J. Fellers and Michael W. Davidson},
	year={2001},
	journal={Microscopy Resource Center},
	url={https://web.archive.org/web/20220218224132/https://www.olympus-lifescience.com/en/microscope-resource/primer/java/digitalimaging/processing/imageaveraging/}
}

@article{sneha2018convolution,
	title={2D Convolution in Image Processing},
	author={Sneha, H. L.},
	year={2018},
	month={11},
	journal={},
	url={https://web.archive.org/web/20220219003257/https://www.allaboutcircuits.com/technical-articles/two-dimensional-convolution-in-image-processing/}
}

@article{sharma2020kmeans,
	title={K-Means vs DBSCAN Clustering For Beginners},
	author={Sharma, Ekta},
	year={2020},
	month={03},
	journal={Towards Data Science},
	url={https://web.archive.org/web/20220222111352/https://towardsdatascience.com/k-means-vs-dbscan-clustering-49f8e627de27?gi=239fc31b8073},
	urldate={2022-02-22}
}

@article{pawar2011implementation,
	title={Implementation of PPM Image Processing and Median Filtering},
	author={Pawar, Sushant and Halgaonkar, Prasad S and Bakal, JW and Wadhai, VM},
	journal={International Journal of Computer Applications},
	volume={975},
	pages={8887},
	year={2011},
	publisher={International Journal of Computer Applications, 244 5 th Avenue,\# 1526, New~â¦}
}

@misc{macedo2013typing,
	title={Typing linear algebra: A biproduct-oriented approach}, 
	author={Hugo Daniel Macedo and JosÃ© N. Oliveira},
	year={2013},
	month={11},
	pages={2160-2191},
	volume={78},
	journal={Science of Computer Programming},
	doi={10.1016/j.scico.2012.07.012},
	eprint={1312.4818},
	archivePrefix={arXiv},
	primaryClass={cs.SE},
	url={https://web.archive.org/web/20220219220749/https://arxiv.org/pdf/1312.4818.pdf}
}

@inbook{dhrymes2000mathematics,
	author={Dhrymes, Phoebus J.},
	title={Matrix Vectorization},
	bookTitle={Mathematics for Econometrics},
	year={2000},
	publisher={Springer New York},
	address={New York, NY},
	pages={117--145},
	isbn={978-1-4757-3238-2},
	doi={10.1007/978-1-4757-3238-2_4},
	url={https://doi.org/10.1007/978-1-4757-3238-2_4}
}

@inproceedings{dongkyun2008real,
	author={Kim, Dongkyun and Jin, Seunghun and Nguyen, Thuy and Kim, Ki and Jeon, Jae},
	year={2008},
	month={08},
	pages={655 - 660},
	title={A real-time finite line detection system based on FPGA},
	isbn={978-1-4244-2170-1},
	journal={IEEE International Conference on Industrial Informatics (INDIN)},
	doi={10.1109/INDIN.2008.4618183}
}

@online{digilent2020arty,
	author={{Digilent, Inc.}},
	title={{Arty A7} Reference Manual},
	year={2020},
	url={https://web.archive.org/web/20220222091807/https://digilent.com/reference/programmable-logic/arty-a7/reference-manual},
	urldate={2022-02-22}
}

@online{xilinx2018series,
	author={{Xilinx, Inc.}},
	title={{7 Series DSP48E1 User Guide}},
	year={2018},
	url={https://web.archive.org/web/20220222093325/https://www.xilinx.com/support/documentation/user_guides/ug479_7Series_DSP48E1.pdf},
	urldate={2022-02-22}
}

@inproceedings{zhou2013efficient,
	author={Zhou, Xin and Tomagou, Norihiro and Ito, Yasuaki and Nakano, Koji},
	year={2013},
	month={05},
	pages={771-778},
	title={Efficient hough transform on the FPGA using DSP slices and block RAMs},
	isbn={978-0-7695-4979-8},
	journal={Proceedings - IEEE 27th International Parallel and Distributed Processing Symposium Workshops and PhD Forum, IPDPSW 2013},
	doi={10.1109/IPDPSW.2013.86},
	url={https://web.archive.org/web/20220222100445/https://www.researchgate.net/profile/Koji-Nakano-4/publication/261262410_Efficient_hough_transform_on_the_FPGA_using_DSP_slices_and_block_RAMs/links/02e7e536db42b6df47000000/Efficient-hough-transform-on-the-FPGA-using-DSP-slices-and-block-RAMs.pdf},
	urldate={2022-02-22}
}

@inproceedings{chuquimia2018fpga,
	author={Orlando, Chuquimia and Andrea, Pinna and Christophel, Marsala and Xavier, Dray and Granado, Bertrand},
	booktitle={2018 Conference on Design and Architectures for Signal and Image Processing (DASIP)},
	title={FPGA-Based Real Time Embedded Hough Transform Architecture for Circles Detection},
	year={2018},
	pages={31-36},
	doi={10.1109/DASIP.2018.8597174},
	url={https://web.archive.org/web/20220222101505/https://hal.archives-ouvertes.fr/hal-01943893/document},
	urldate={2022-02-22}
}

@article{niu2016robust,
	title={Robust lane detection using two-stage feature extraction with curve fitting},
	author={Niu, Jianwei and Lu, Jie and Xu, Mingliang and Lv, Pei and Zhao, Xiaoke},
	journal={Pattern Recognition},
	volume={59},
	pages={225--233},
	year={2016},
	publisher={Elsevier}
}

@article{shi2014fpga,
	title={FPGA based accelerator for parallel DBSCAN algorithm},
	author={Shi, Qi Yue Shaobo and Wang, Qin},
	journal={Computer Modelling \& New Technologies},
	volume={18},
	number={2},
	pages={135--142},
	year={2014}
}

@inproceedings{wu2019end,
	title={An end-to-end solution to autonomous driving based on xilinx fpga},
	author={Wu, Tianze and Liu, Weiyi and Jin, Yongwei},
	booktitle={2019 International Conference on Field-Programmable Technology (ICFPT)},
	pages={427--430},
	year={2019},
	organization={IEEE},
	url={https://web.archive.org/web/20220222113331/https://mail.easychair.org/publications/preprint_open/GMvL},
	urldate={2022-02-22}
}

@article{dias2020parallel,
	title={Parallel implementation of K-means algorithm on FPGA},
	author={Dias, Leonardo A and Ferreira, Joao C and Fernandes, Marcelo AC},
	journal={IEEE Access},
	volume={8},
	pages={41071--41084},
	year={2020},
	publisher={IEEE},
	url={https://web.archive.org/web/20220222115215/https://ieeexplore.ieee.org/stamp/stamp.jsp?arnumber=9016001},
	urldate={2022-02-22}
}

@inproceedings{gao2012development,
	title={Development of lane detection system based on FPGA},
	author={Gao, Feng and Gui, Hanyang and Zhang, Qiang and He, Jugang},
	booktitle={Proceedings of the FISITA 2012 World Automotive Congress},
	pages={3--12},
	year={2013},
	organization={Springer},
	url={https://www.researchgate.net/profile/Feng-Gao-14/publication/302213651_Development_of_Lane_Detection_System_Based_on_FPGA/links/5ba8ade3299bf13e604833db/Development-of-Lane-Detection-System-Based-on-FPGA.pdf},
	urldate={2022-02-22}
}

@inproceedings{li2009novel,
	title={A novel architecture of vision chip for fast traffic lane detection and FPGA implementation},
	author={Li, Yuan-Jin and Zhang, WanCheng and Wu, Nan-Jian},
	booktitle={2009 IEEE 8th International Conference on ASIC},
	pages={917--920},
	year={2009},
	organization={IEEE},
	url={https://www.researchgate.net/profile/Nan-Jian-Wu/publication/251909518_A_Novel_Architecture_of_Vision_Chip_for_Fast_Traffic_Lane_Detection_and_FPGA_Implementation/links/552f688a0cf2acd38cbbf70b/A-Novel-Architecture-of-Vision-Chip-for-Fast-Traffic-Lane-Detection-and-FPGA-Implementation.pdf},
	urldate={2022-02-22}
}

@article{anvari2010fpga,
	title={FPGA Implementation of the lane detection and tracking algorithm},
	author={Anvari, Roozbeh},
	year={2010},
	publisher={PhD thesis},
	url={https://web.archive.org/web/20220222131051/https://robotics.ee.uwa.edu.au/theses/2010-FPGA-LaneDetection-Anvari.pdf},
	urldate={2022-02-22}
}

@article{danielsson1980euclidean,
	title={Euclidean distance mapping},
	author={Danielsson, Per-Erik},
	journal={Computer Graphics and image processing},
	volume={14},
	number={3},
	pages={227--248},
	year={1980},
	publisher={Elsevier},
	url={https://web.archive.org/web/20220223121441/https://perso.telecom-paristech.fr/bloch/ANIM/Danielsson.pdf},
	urldate={2022-02-22}
}

@article{canny1986computational,
	author = {Canny, John},
	year = {1986},
	month = {12},
	pages = {679 - 698},
	title = {A Computational Approach To Edge Detection},
	volume = {PAMI-8},
	isbn = {9780080515816},
	journal = {Pattern Analysis and Machine Intelligence, IEEE Transactions on},
	doi = {10.1109/TPAMI.1986.4767851}
}

@inproceedings{vincent2009descriptive,
	title={A descriptive algorithm for sobel image edge detection},
	author={Vincent, O Rebecca and Folorunso, Olusegun and others},
	booktitle={Proceedings of informing science \& IT education conference (InSITE)},
	volume={40},
	pages={97--107},
	year={2009},
	url={https://web.archive.org/web/20200805022215/http://proceedings.informingscience.org/InSITE2009/InSITE09p097-107Vincent613.pdf},
	urldate={2022-02-24}
}

@inproceedings{sobel1990isotropic,
	title={An Isotropic 3Ã3 image gradient operator},
	author={Irwin Sobel and G. M. Feldman},
	year={1990}
}

@online{sinha2017sobel,
	author={Utkarsh Sinha},
	year={2017},
	title={The Sobel and Laplacian Edge Detectors},
	url={https://web.archive.org/web/20210302070359/https://aishack.in/tutorials/sobel-laplacian-edge-detectors/},
	urldate={2022-02-24}
}

@article{humaidi2018fpga,
	author={Humaidi, Amjad and Hasan, Sami and Fadhel, Mohammed},
	year={2018},
	month={05},
	pages={223-237},
	title={FPGA-Based Lane-Detection Architecture for autonomous vehicles: a real-time design and development},
	journal={Asia Life Sciences}
}

@inproceedings{alazzawi2015edge,
	author={Alazzawi, Abdulbasit and Alsaadi, Husam and Shallal, Abidaoun and Albawi, Saad},
	year={2015},
	month={12},
	pages={},
	title={Edge Detection-Application of (First and Second) Order Serivatives in Image Processing}
}

@inproceedings{tai2008fast,
	title={A fast method for image noise estimation using laplacian operator and adaptive edge detection},
	author={Tai, Shen-Chuan and Yang, Shih-Ming},
	booktitle={2008 3rd International Symposium on Communications, Control and Signal Processing},
	pages={1077--1081},
	year={2008},
	organization={IEEE}
}

@misc{morse2000thresholding,
	author={Bryan Morse},
	title={Thresholding},
	year={2000},
	month={1},
	url={https://web.archive.org/web/20220223081150/https://homepages.inf.ed.ac.uk/rbf/CVonline/LOCAL_COPIES/MORSE/threshold.pdf}
}

@article{shan2018image,
	title={Image segmentation method based on K-mean algorithm},
	author={Shan, Pengfei},
	journal={EURASIP Journal on Image and Video Processing},
	volume={208},
	number={1},
	pages={1--9},
	year={2018},
	publisher={SpringerOpen}
}

@misc{peri2020how,
	title={How FPGAs are used in embedded vision applications},
	year={2020},
	month={10},
	author={Apurva Peri},
	url={https://web.archive.org/web/20220304130528/https://www.vision-systems.com/embedded/article/14182368/fpgas-and-embedded-vision-applications},
	urldate={2022-03-04}
}

@article{valuates2021field,
	title={Field-Programmable Gate Array (FPGA) Market To Reach USD 11420 Million By The End Of 2027 With A CAGR of 10.4\%},
	author={{Valuates Reports}},
	year={2021},
	month={11},
	url={https://web.archive.org/web/20220304130154/https://finance.yahoo.com/news/field-programmable-gate-array-fpga-130000477.html},
	urldate={2022-03-04}
}

@article{lee2022amd,
	title={AMD closes record chip industry deal with estimated \$50 billion purchase of Xilinx},
	author={Jane Lanhee Lee},
	journal={Reuters},
	year={2022},
	month={02},
	day={14},
	url={https://www.reuters.com/technology/amd-closes-biggest-chip-acquisition-with-498-bln-purchase-xilinx-2022-02-14},
	urldate={2022-03-04}
}

@misc{green2020fpga,
	title={FPGA Memory Types},
	journal={Project F - FPGA Development},
	author={Will Green},
	year={2020},
	month={8},
	url={https://web.archive.org/web/20220311211545/https://projectf.io/posts/fpga-memory-types/},
	urldate={2022-03-11}
}

@article{yuan2018robust,
	title={Robust lane detection for complicated road environment based on normal map},
	author={Yuan, Chang and Chen, Hui and Liu, Ju and Zhu, Di and Xu, Yanyan},
	journal={ieee Access},
	volume={6},
	pages={49679--49689},
	year={2018},
	publisher={IEEE},
	url={https://ieeexplore.ieee.org/stamp/stamp.jsp?arnumber=8456509},
	urldate={2022-03-11}
}

@article{soeleman2020adaptive,
	title={Adaptive threshold for moving objects detection using gaussian mixture model},
	author={Soeleman, Moch Arief and Nurhindarto, Aris and Karis, W and Al Zami, Muljono Farikh and Pramunendar, R Anggi and others},
	journal={Telkomnika},
	volume={18},
	number={2},
	pages={1122--1129},
	year={2020},
	publisher={Ahmad Dahlan University}
}

@article{son2019robust,
	title={Robust multi-lane detection and tracking using adaptive threshold and lane classification},
	author={Son, Yeongho and Lee, Elijah S and Kum, Dongsuk},
	journal={Machine Vision and Applications},
	volume={30},
	number={1},
	pages={111--124},
	year={2019},
	publisher={Springer}
}

