@misc{nhtsa2017fatal,
	title={2016 Fatal Motor Vehicle Crashes: Overview},
	author={{NHTSA's National Center for Statistics and Analysis}},
	publisher={US Department of Transportation},
	year={2017},
	url={https://crashstats.nhtsa.dot.gov/Api/Public/ViewPublication/812456},
	urldate={2022-05-16},
	note={DOT HS 812 456}
}

@techreport{liu2009factors,
	title={Factors Related to Fatal Single-Vehicle Run-Off-Road Crashes},
	author={Liu, Changqin and Subramanian, Rajesh},
	year={2009},
	month={11},
	institution={National Highway Traffic Safety Administration},
	url={https://web.archive.org/web/20220215123540/https://crashstats.nhtsa.dot.gov/Api/Public/ViewPublication/811232},
	urldate={2022-02-15}
}

@article{cheng2021chip,
	author={Ting-Fang, Cheng},
	date={2021-08-06},
	title={Chip prices set to rise into 2022 as TSMC hikes rates},
	journal={Nikkei Asia},
	url={https://asia.nikkei.com/Business/Tech/Semiconductors/Chip-prices-set-to-rise-into-2022-as-TSMC-hikes-rates},
	urldate={2022-05-16}
}

@article{ivanova2021chip,
	author={Ivanova, Irina and Krupnik, Kathryn},
	date={2021-08-06},
	title={Chip shortage likely to keep car prices sky-high through 2023},
	journal={CBS News},
	url={https://www.cbsnews.com/news/chip-shortage-car-prices-sky-high-through-2023/},
	urldate={2022-05-16}
}

@techreport{dod2011run,
	title={Run-Off-Road Crashes: an On-Scene Perspective},
	author={Liu, Cejun and Ye, Tony Jianqiang},
	year={2011},
	month={07},
	institution={National Highway Traffic Safety Administration},
	url={https://web.archive.org/web/20220205200702/https://crashstats.nhtsa.dot.gov/Api/Public/ViewPublication/811500},
	urldate={2022-02-13}
}

@online{gant2019scrum,
	title={Scrum and the Solo Dev},
	author={Gant, Michael},
	year={2019},
	month={04},
	day={15},
	url={https://medium.com/@jmgant.cleareyeconsulting/scrum-and-the-solo-dev-fb8e810ed42b},
	urldate={2022-02-03}
}

@INPROCEEDINGS{dorman2012sip,
	author={Dorman, Christopher and Rajlich, Václav},
	booktitle={2012 Agile Conference},
	title={Software Change in the Solo Iterative Process: An Experience Report},
	year={2012},
	pages={21-30},
	doi={10.1109/Agile.2012.13}
}

@manual{xilinx2022dma,
	author={{Xilinx, Inc}},
	title={{AXI DMA v7.1 LogiCORE IP Product Guide}},
	date={2022-04-27},
	version={v7.1},
	organization={{Xilinx, Inc}},
	pagetotal={286},
	url={https://docs.xilinx.com/r/en-US/pg021_axi_dma},
	urldate={2022-06-01},
	note={Product Guide 021}
}

@techreport{iso25010systems,
	type={Standard},
	key={ISO 25010:2011},
	month={03},
	year={2011},
	title ={{Systems and software engineering — Systems and software Quality Requirements and Evaluation (SQuaRE) — System and software quality models}},
	volume={2011},
	address={Geneva, CH},
	institution={International Organization for Standardization},
	url={https://www.iso.org/standard/35733.html},
	urldate={2022-03-15}
}

@inproceedings{hause2006sysml,
	title={The SysML modelling language},
	author={Hause, Matthew and others},
	booktitle={Fifteenth European Systems Engineering Conference},
	volume={9},
	pages={1--12},
	year={2006}
}

