@misc{allied2014stencils,
	title={iMAP Family Visio Stencils},
	author={{Allied Telesis, Inc}},
	year={2014},
	url={https://www.alliedtelesis.com/se/en/library/search},
	urldate={2022-03-15}
}

@techreport{iso25010systems,
	type={Standard},
	key={ISO 25010:2011},
	month={03},
	year={2011},
	title ={{Systems and software engineering — Systems and software Quality Requirements and Evaluation (SQuaRE) — System and software quality models}},
	volume={2011},
	address={Geneva, CH},
	institution={International Organization for Standardization},
	url={https://www.iso.org/standard/35733.html},
	urldate={2022-03-15}
}

