@book{chu2006rtl,
	title={RTL hardware design using VHDL: coding for efficiency, portability, and scalability},
	author={Chu, Pong P},
	year={2006},
	publisher={John Wiley \& Sons}
}

