@techreport{dod2011run,
	title={Run-Off-Road Crashes: an On-Scene Perspective},
	author={Liu, Cejun and Ye, Tony Jianqiang},
	year={2011}
}

@inproceedings{edwards2013pilot,
	title={A Pilot Study on Mitigating Run-Off-Road Crashes},
	author={Christopher Edwards and Nichole L Morris and Michael P. Manser},
	year={2013},
	publisher={Intelligent Transportation Systems Institute Center for Transportation Studies}
}

@techreport{liu2009factors,
	title={Factors Related to Fatal Single-Vehicle Run-Off-Road Crashes},
	author={Liu, Changqin and Subramanian, Rajesh},
	year={2009}
}

@misc{yu2020bdd100k,
      title={BDD100K: A Diverse Driving Dataset for Heterogeneous Multitask Learning},
      author={Fisher Yu and Haofeng Chen and Xin Wang and Wenqi Xian and Yingying Chen and Fangchen Liu and Vashisht Madhavan and Trevor Darrell},
      year={2020},
 %     eprint={1805.04687},
 %     archivePrefix={arXiv},
%      primaryClass={cs.CV},
%      url={https://arxiv.org/pdf/1805.04687.pdf},
%      urldate={8-2-2022}
}

